%YAML 1.1
%TAG !u! tag:unity3d.com,2011:
--- !u!29 &1
SceneSettings:
  m_ObjectHideFlags: 0
  m_PVSData: 
  m_PVSObjectsArray: []
  m_PVSPortalsArray: []
  m_OcclusionBakeSettings:
    smallestOccluder: 5
    smallestHole: .25
    backfaceThreshold: 100
--- !u!104 &2
RenderSettings:
  m_Fog: 0
  m_FogColor: {r: .5, g: .5, b: .5, a: 1}
  m_FogMode: 3
  m_FogDensity: .00999999978
  m_LinearFogStart: 0
  m_LinearFogEnd: 300
  m_AmbientLight: {r: .200000003, g: .200000003, b: .200000003, a: 1}
  m_SkyboxMaterial: {fileID: 0}
  m_HaloStrength: .5
  m_FlareStrength: 1
  m_FlareFadeSpeed: 3
  m_HaloTexture: {fileID: 0}
  m_SpotCookie: {fileID: 0}
  m_ObjectHideFlags: 0
--- !u!127 &3
LevelGameManager:
  m_ObjectHideFlags: 0
--- !u!157 &4
LightmapSettings:
  m_ObjectHideFlags: 0
  m_LightProbes: {fileID: 0}
  m_Lightmaps: []
  m_LightmapsMode: 1
  m_BakedColorSpace: 0
  m_UseDualLightmapsInForward: 0
  m_LightmapEditorSettings:
    m_Resolution: 50
    m_LastUsedResolution: 0
    m_TextureWidth: 1024
    m_TextureHeight: 1024
    m_BounceBoost: 1
    m_BounceIntensity: 1
    m_SkyLightColor: {r: .860000014, g: .930000007, b: 1, a: 1}
    m_SkyLightIntensity: 0
    m_Quality: 0
    m_Bounces: 1
    m_FinalGatherRays: 1000
    m_FinalGatherContrastThreshold: .0500000007
    m_FinalGatherGradientThreshold: 0
    m_FinalGatherInterpolationPoints: 15
    m_AOAmount: 0
    m_AOMaxDistance: .100000001
    m_AOContrast: 1
    m_LODSurfaceMappingDistance: 1
    m_Padding: 0
    m_TextureCompression: 0
    m_LockAtlas: 0
--- !u!196 &5
NavMeshSettings:
  m_ObjectHideFlags: 0
  m_BuildSettings:
    agentRadius: .5
    agentHeight: 2
    agentSlope: 45
    agentClimb: .400000006
    ledgeDropHeight: 0
    maxJumpAcrossDistance: 0
    accuratePlacement: 0
    minRegionArea: 2
    widthInaccuracy: 16.666666
    heightInaccuracy: 10
    tileSizeHint: 0
  m_NavMesh: {fileID: 0}
--- !u!1001 &63065426
Prefab:
  m_ObjectHideFlags: 0
  serializedVersion: 2
  m_Modification:
    m_TransformParent: {fileID: 2102803179}
    m_Modifications:
    - target: {fileID: 400000, guid: 924bcdc1e9a5546309238b69333359da, type: 2}
      propertyPath: m_LocalPosition.x
      value: 0
      objectReference: {fileID: 0}
    - target: {fileID: 400000, guid: 924bcdc1e9a5546309238b69333359da, type: 2}
      propertyPath: m_LocalPosition.y
      value: 0
      objectReference: {fileID: 0}
    - target: {fileID: 400000, guid: 924bcdc1e9a5546309238b69333359da, type: 2}
      propertyPath: m_LocalPosition.z
      value: 2.59100008
      objectReference: {fileID: 0}
    - target: {fileID: 400000, guid: 924bcdc1e9a5546309238b69333359da, type: 2}
      propertyPath: m_LocalRotation.x
      value: 0
      objectReference: {fileID: 0}
    - target: {fileID: 400000, guid: 924bcdc1e9a5546309238b69333359da, type: 2}
      propertyPath: m_LocalRotation.y
      value: 0
      objectReference: {fileID: 0}
    - target: {fileID: 400000, guid: 924bcdc1e9a5546309238b69333359da, type: 2}
      propertyPath: m_LocalRotation.z
      value: 0
      objectReference: {fileID: 0}
    - target: {fileID: 400000, guid: 924bcdc1e9a5546309238b69333359da, type: 2}
      propertyPath: m_LocalRotation.w
      value: 1
      objectReference: {fileID: 0}
    - target: {fileID: 400000, guid: 924bcdc1e9a5546309238b69333359da, type: 2}
      propertyPath: m_RootOrder
      value: 0
      objectReference: {fileID: 0}
    m_RemovedComponents: []
  m_ParentPrefab: {fileID: 100100000, guid: 924bcdc1e9a5546309238b69333359da, type: 2}
  m_RootGameObject: {fileID: 408661195}
  m_IsPrefabParent: 0
  m_IsExploded: 1
--- !u!1 &408661195
GameObject:
  m_ObjectHideFlags: 0
  m_PrefabParentObject: {fileID: 100000, guid: 924bcdc1e9a5546309238b69333359da, type: 2}
  m_PrefabInternal: {fileID: 63065426}
  serializedVersion: 4
  m_Component:
  - 4: {fileID: 408661199}
  - 212: {fileID: 408661198}
  - 95: {fileID: 408661197}
  - 58: {fileID: 408661196}
  - 114: {fileID: 408661200}
  m_Layer: 0
  m_Name: Atom_Normal
  m_TagString: Atom
  m_Icon: {fileID: 0}
  m_NavMeshLayer: 0
  m_StaticEditorFlags: 0
  m_IsActive: 1
--- !u!58 &408661196
CircleCollider2D:
  m_ObjectHideFlags: 0
  m_PrefabParentObject: {fileID: 5800000, guid: 924bcdc1e9a5546309238b69333359da,
    type: 2}
  m_PrefabInternal: {fileID: 63065426}
  m_GameObject: {fileID: 408661195}
  m_Enabled: 1
  m_Material: {fileID: 0}
  m_IsTrigger: 1
  m_Radius: .600000024
  m_Center: {x: 0, y: 0}
--- !u!95 &408661197
Animator:
  serializedVersion: 3
  m_ObjectHideFlags: 0
  m_PrefabParentObject: {fileID: 9500000, guid: 924bcdc1e9a5546309238b69333359da,
    type: 2}
  m_PrefabInternal: {fileID: 63065426}
  m_GameObject: {fileID: 408661195}
  m_Enabled: 1
  m_Avatar: {fileID: 0}
  m_Controller: {fileID: 9100000, guid: b3191f79cc6b63843afef6b5ce74a2bc, type: 2}
  m_CullingMode: 0
  m_UpdateMode: 0
  m_ApplyRootMotion: 1
  m_HasTransformHierarchy: 1
  m_AllowConstantClipSamplingOptimization: 1
--- !u!212 &408661198
SpriteRenderer:
  m_ObjectHideFlags: 0
  m_PrefabParentObject: {fileID: 21200000, guid: 924bcdc1e9a5546309238b69333359da,
    type: 2}
  m_PrefabInternal: {fileID: 63065426}
  m_GameObject: {fileID: 408661195}
  m_Enabled: 1
  m_CastShadows: 0
  m_ReceiveShadows: 0
  m_LightmapIndex: 255
  m_LightmapTilingOffset: {x: 1, y: 1, z: 0, w: 0}
  m_Materials:
  - {fileID: 10754, guid: 0000000000000000e000000000000000, type: 0}
  m_SubsetIndices: 
  m_StaticBatchRoot: {fileID: 0}
  m_UseLightProbes: 0
  m_LightProbeAnchor: {fileID: 0}
  m_ScaleInLightmap: 1
  m_SortingLayerID: 0
  m_SortingOrder: 0
  m_Sprite: {fileID: 21300002, guid: 13083336d9ba00d4abf573778d9edc51, type: 3}
  m_Color: {r: 1, g: 1, b: 1, a: 1}
--- !u!4 &408661199
Transform:
  m_ObjectHideFlags: 0
  m_PrefabParentObject: {fileID: 400000, guid: 924bcdc1e9a5546309238b69333359da, type: 2}
  m_PrefabInternal: {fileID: 63065426}
  m_GameObject: {fileID: 408661195}
  m_LocalRotation: {x: 0, y: 0, z: 0, w: 1}
  m_LocalPosition: {x: 0, y: 0, z: 2.59100008}
  m_LocalScale: {x: .200000003, y: .200000003, z: 1}
  m_Children: []
  m_Father: {fileID: 2102803179}
  m_RootOrder: 0
--- !u!114 &408661200
MonoBehaviour:
  m_ObjectHideFlags: 0
  m_PrefabParentObject: {fileID: 11492248, guid: 924bcdc1e9a5546309238b69333359da,
    type: 2}
  m_PrefabInternal: {fileID: 63065426}
  m_GameObject: {fileID: 408661195}
  m_Enabled: 1
  m_EditorHideFlags: 0
  m_Script: {fileID: 11500000, guid: bf4b8478ee11efd40af4f3e3b954d7ee, type: 3}
  m_Name: 
  m_EditorClassIdentifier: 
--- !u!1 &615077189
GameObject:
  m_ObjectHideFlags: 0
  m_PrefabParentObject: {fileID: 100000, guid: fc941f967098546719b3fee9b2059d52, type: 2}
  m_PrefabInternal: {fileID: 2146873686}
  serializedVersion: 4
  m_Component:
  - 4: {fileID: 615077193}
  - 212: {fileID: 615077192}
  - 95: {fileID: 615077191}
  - 58: {fileID: 615077190}
  - 114: {fileID: 615077194}
  m_Layer: 0
  m_Name: Atom_Special
  m_TagString: Atom
  m_Icon: {fileID: 0}
  m_NavMeshLayer: 0
  m_StaticEditorFlags: 0
  m_IsActive: 1
--- !u!58 &615077190
CircleCollider2D:
  m_ObjectHideFlags: 0
  m_PrefabParentObject: {fileID: 5800000, guid: fc941f967098546719b3fee9b2059d52,
    type: 2}
  m_PrefabInternal: {fileID: 2146873686}
  m_GameObject: {fileID: 615077189}
  m_Enabled: 1
  m_Material: {fileID: 0}
  m_IsTrigger: 1
  m_Radius: .600000024
  m_Center: {x: 0, y: 0}
--- !u!95 &615077191
Animator:
  serializedVersion: 3
  m_ObjectHideFlags: 0
  m_PrefabParentObject: {fileID: 9500000, guid: fc941f967098546719b3fee9b2059d52,
    type: 2}
  m_PrefabInternal: {fileID: 2146873686}
  m_GameObject: {fileID: 615077189}
  m_Enabled: 1
  m_Avatar: {fileID: 0}
  m_Controller: {fileID: 9100000, guid: 8b95b71a8a072aa4e9745cacee63c83a, type: 2}
  m_CullingMode: 0
  m_UpdateMode: 0
  m_ApplyRootMotion: 1
  m_HasTransformHierarchy: 1
  m_AllowConstantClipSamplingOptimization: 1
--- !u!212 &615077192
SpriteRenderer:
  m_ObjectHideFlags: 0
  m_PrefabParentObject: {fileID: 21200000, guid: fc941f967098546719b3fee9b2059d52,
    type: 2}
  m_PrefabInternal: {fileID: 2146873686}
  m_GameObject: {fileID: 615077189}
  m_Enabled: 1
  m_CastShadows: 0
  m_ReceiveShadows: 0
  m_LightmapIndex: 255
  m_LightmapTilingOffset: {x: 1, y: 1, z: 0, w: 0}
  m_Materials:
  - {fileID: 10754, guid: 0000000000000000e000000000000000, type: 0}
  m_SubsetIndices: 
  m_StaticBatchRoot: {fileID: 0}
  m_UseLightProbes: 0
  m_LightProbeAnchor: {fileID: 0}
  m_ScaleInLightmap: 1
  m_SortingLayerID: 0
  m_SortingOrder: 0
  m_Sprite: {fileID: 21300000, guid: 647c96947d2c8d14fbd8d58b56e1e089, type: 3}
  m_Color: {r: 1, g: 1, b: 1, a: 1}
--- !u!4 &615077193
Transform:
  m_ObjectHideFlags: 0
  m_PrefabParentObject: {fileID: 400000, guid: fc941f967098546719b3fee9b2059d52, type: 2}
  m_PrefabInternal: {fileID: 2146873686}
  m_GameObject: {fileID: 615077189}
  m_LocalRotation: {x: 0, y: 0, z: 0, w: 1}
  m_LocalPosition: {x: 3.98000002, y: -1.23000002, z: -3.1099999}
  m_LocalScale: {x: .200000003, y: .200000003, z: 1}
  m_Children: []
  m_Father: {fileID: 0}
  m_RootOrder: 0
--- !u!114 &615077194
MonoBehaviour:
  m_ObjectHideFlags: 0
  m_PrefabParentObject: {fileID: 11477452, guid: fc941f967098546719b3fee9b2059d52,
    type: 2}
  m_PrefabInternal: {fileID: 2146873686}
  m_GameObject: {fileID: 615077189}
  m_Enabled: 1
  m_EditorHideFlags: 0
  m_Script: {fileID: 11500000, guid: bf4b8478ee11efd40af4f3e3b954d7ee, type: 3}
  m_Name: 
  m_EditorClassIdentifier: 
--- !u!1 &2102803174
GameObject:
  m_ObjectHideFlags: 0
  m_PrefabParentObject: {fileID: 0}
  m_PrefabInternal: {fileID: 0}
  serializedVersion: 4
  m_Component:
  - 4: {fileID: 2102803179}
  - 20: {fileID: 2102803178}
  - 92: {fileID: 2102803177}
  - 124: {fileID: 2102803176}
  - 81: {fileID: 2102803175}
  m_Layer: 0
  m_Name: Main Camera
  m_TagString: MainCamera
  m_Icon: {fileID: 0}
  m_NavMeshLayer: 0
  m_StaticEditorFlags: 0
  m_IsActive: 1
--- !u!81 &2102803175
AudioListener:
  m_ObjectHideFlags: 0
  m_PrefabParentObject: {fileID: 0}
  m_PrefabInternal: {fileID: 0}
  m_GameObject: {fileID: 2102803174}
  m_Enabled: 1
--- !u!124 &2102803176
Behaviour:
  m_ObjectHideFlags: 0
  m_PrefabParentObject: {fileID: 0}
  m_PrefabInternal: {fileID: 0}
  m_GameObject: {fileID: 2102803174}
  m_Enabled: 1
--- !u!92 &2102803177
Behaviour:
  m_ObjectHideFlags: 0
  m_PrefabParentObject: {fileID: 0}
  m_PrefabInternal: {fileID: 0}
  m_GameObject: {fileID: 2102803174}
  m_Enabled: 1
--- !u!20 &2102803178
Camera:
  m_ObjectHideFlags: 0
  m_PrefabParentObject: {fileID: 0}
  m_PrefabInternal: {fileID: 0}
  m_GameObject: {fileID: 2102803174}
  m_Enabled: 1
  serializedVersion: 2
  m_ClearFlags: 1
  m_BackGroundColor: {r: .192156866, g: .301960796, b: .474509805, a: .0196078438}
  m_NormalizedViewPortRect:
    serializedVersion: 2
    x: 0
    y: 0
    width: 1
    height: 1
  near clip plane: .300000012
  far clip plane: 1000
  field of view: 60
  orthographic: 0
  orthographic size: 5
  m_Depth: -1
  m_CullingMask:
    serializedVersion: 2
    m_Bits: 4294967295
  m_RenderingPath: -1
  m_TargetTexture: {fileID: 0}
  m_TargetDisplay: 0
  m_HDR: 0
  m_OcclusionCulling: 1
  m_StereoConvergence: 10
  m_StereoSeparation: .0219999999
--- !u!4 &2102803179
Transform:
  m_ObjectHideFlags: 0
  m_PrefabParentObject: {fileID: 0}
  m_PrefabInternal: {fileID: 0}
  m_GameObject: {fileID: 2102803174}
  m_LocalRotation: {x: 0, y: 0, z: 0, w: 1}
  m_LocalPosition: {x: 0, y: 1, z: -10}
  m_LocalScale: {x: 1, y: 1, z: 1}
  m_Children:
  - {fileID: 408661199}
  m_Father: {fileID: 0}
  m_RootOrder: 1
--- !u!1001 &2146873686
Prefab:
  m_ObjectHideFlags: 0
  serializedVersion: 2
  m_Modification:
    m_TransformParent: {fileID: 0}
    m_Modifications:
    - target: {fileID: 400000, guid: fc941f967098546719b3fee9b2059d52, type: 2}
      propertyPath: m_LocalPosition.x
      value: 3.98000002
      objectReference: {fileID: 0}
    - target: {fileID: 400000, guid: fc941f967098546719b3fee9b2059d52, type: 2}
      propertyPath: m_LocalPosition.y
      value: -1.23000002
      objectReference: {fileID: 0}
    - target: {fileID: 400000, guid: fc941f967098546719b3fee9b2059d52, type: 2}
      propertyPath: m_LocalPosition.z
      value: -3.1099999
      objectReference: {fileID: 0}
    - target: {fileID: 400000, guid: fc941f967098546719b3fee9b2059d52, type: 2}
      propertyPath: m_LocalRotation.x
      value: 0
      objectReference: {fileID: 0}
    - target: {fileID: 400000, guid: fc941f967098546719b3fee9b2059d52, type: 2}
      propertyPath: m_LocalRotation.y
      value: 0
      objectReference: {fileID: 0}
    - target: {fileID: 400000, guid: fc941f967098546719b3fee9b2059d52, type: 2}
      propertyPath: m_LocalRotation.z
      value: 0
      objectReference: {fileID: 0}
    - target: {fileID: 400000, guid: fc941f967098546719b3fee9b2059d52, type: 2}
      propertyPath: m_LocalRotation.w
      value: 1
      objectReference: {fileID: 0}
    - target: {fileID: 400000, guid: fc941f967098546719b3fee9b2059d52, type: 2}
      propertyPath: m_RootOrder
      value: 0
      objectReference: {fileID: 0}
    m_RemovedComponents: []
  m_ParentPrefab: {fileID: 100100000, guid: fc941f967098546719b3fee9b2059d52, type: 2}
  m_RootGameObject: {fileID: 615077189}
  m_IsPrefabParent: 0
  m_IsExploded: 1
